https://cvprovider.nmhealth.org/public-dashboard.html

https://nmtracking.org/dataportal/indicator/complete_profile/FoodInsec.html

https://www.nmhealth.org/publication/view/report/4442/

https://www2.census.gov/library/publications/2012/acs/acsbr11-03.pdf

https://www.azdhs.gov/documents/operations/managing-excellence/az-state-health-assessment.pdf


https://www.census.gov/data/tables/time-series/demo/popest/2010s-counties-detail.html#par_textimage_1383669527
